@article{wazir2013mobile,
  title={Mobile phone sensing systems: A survey},
  author={Wazir Zada Khan, Yang Xiang and Aalsalem, Mohammed Y and Arshad, Quratulain},
  journal={IEEE Communications Surveys Tutorials},
  volume={15},
  number={1},
  pages={402--427},
  year={2013}
}

@article{eisenman2009bikenet,
  title={BikeNet: A mobile sensing system for cyclist experience mapping},
  author={Eisenman, Shane B and Miluzzo, Emiliano and Lane, Nicholas D and Peterson, Ronald A and Ahn, Gahng-Seop and Campbell, Andrew T},
  journal={ACM Transactions on Sensor Networks (TOSN)},
  volume={6},
  number={1},
  pages={6},
  year={2009},
  publisher={ACM}
}

@article{lee2010survey,
  title={A survey of urban vehicular sensing platforms},
  author={Lee, Uichin and Gerla, Mario},
  journal={Computer Networks},
  volume={54},
  number={4},
  pages={527--544},
  year={2010},
  publisher={Elsevier}
}

@inproceedings{mun2009peir,
  title={PEIR, the personal environmental impact report, as a platform for participatory sensing systems research},
  author={Mun, Min and Reddy, Sasank and Shilton, Katie and Yau, Nathan and Burke, Jeff and Estrin, Deborah and Hansen, Mark and Howard, Eric and West, Ruth and Boda, P{\'e}ter},
  booktitle={Proceedings of the 7th international conference on Mobile systems, applications, and services},
  pages={55--68},
  year={2009},
  organization={ACM}
}

@inproceedings{jin2009hearttogo,
  title={HeartToGo: a personalized medicine technology for cardiovascular disease prevention and detection},
  author={Jin, Zhanpeng and Oresko, Joseph and Huang, Shimeng and Cheng, Allen C},
  booktitle={Life Science Systems and Applications Workshop, 2009. LiSSA 2009. IEEE/NIH},
  pages={80--83},
  year={2009},
  organization={IEEE}
}

@inproceedings{wang2009framework,
  title={A framework of energy efficient mobile sensing for automatic user state recognition},
  author={Wang, Yi and Lin, Jialiu and Annavaram, Murali and Jacobson, Quinn A and Hong, Jason and Krishnamachari, Bhaskar and Sadeh, Norman},
  booktitle={Proceedings of the 7th international conference on Mobile systems, applications, and services},
  pages={179--192},
  year={2009},
  organization={ACM}
}

@inproceedings{kanhere2011participatory,
  title={Participatory sensing: Crowdsourcing data from mobile smartphones in urban spaces},
  author={Kanhere, Salil S},
  booktitle={Mobile Data Management (MDM), 2011 12th IEEE International Conference on},
  volume={2},
  pages={3--6},
  year={2011},
  organization={IEEE}
}

@inproceedings{hull2006cartel,
  title={CarTel: a distributed mobile sensor computing system},
  author={Hull, Bret and Bychkovsky, Vladimir and Zhang, Yang and Chen, Kevin and Goraczko, Michel and Miu, Allen and Shih, Eugene and Balakrishnan, Hari and Madden, Samuel},
  booktitle={Proceedings of the 4th international conference on Embedded networked sensor systems},
  pages={125--138},
  year={2006},
  organization={ACM}
}

@article{lane2010survey,
  title={A survey of mobile phone sensing},
  author={Lane, Nicholas D and Miluzzo, Emiliano and Lu, Hong and Peebles, Daniel and Choudhury, Tanzeem and Campbell, Andrew T},
  journal={IEEE Communications magazine},
  volume={48},
  number={9},
  year={2010},
  publisher={IEEE}
}

@incollection{bajo2016mobile,
  title={Mobile Sensing Agents for Social Computing Environments},
  author={Bajo, Javier and Campbell, Andrew T and Zhou, Xia},
  booktitle={Trends in Practical Applications of Scalable Multi-Agent Systems, the PAAMS Collection},
  pages={157--167},
  year={2016},
  publisher={Springer}
}

@inproceedings{consolvo2008activity,
  title={Activity sensing in the wild: a field trial of ubifit garden},
  author={Consolvo, Sunny and McDonald, David W and Toscos, Tammy and Chen, Mike Y and Froehlich, Jon and Harrison, Beverly and Klasnja, Predrag and LaMarca, Anthony and LeGrand, Louis and Libby, Ryan and others},
  booktitle={Proceedings of the SIGCHI Conference on Human Factors in Computing Systems},
  pages={1797--1806},
  year={2008},
  organization={ACM}
}

@inproceedings{wang2012walksafe,
  title={WalkSafe: a pedestrian safety app for mobile phone users who walk and talk while crossing roads},
  author={Wang, Tianyu and Cardone, Giuseppe and Corradi, Antonio and Torresani, Lorenzo and Campbell, Andrew T},
  booktitle={Proceedings of the Twelfth Workshop on Mobile Computing Systems \& Applications},
  pages={5},
  year={2012},
  organization={ACM}
}
@inproceedings{you2013carsafe,
  title={Carsafe app: Alerting drowsy and distracted drivers using dual cameras on smartphones},
  author={You, Chuang-Wen and Lane, Nicholas D and Chen, Fanglin and Wang, Rui and Chen, Zhenyu and Bao, Thomas J and Montes-de-Oca, Martha and Cheng, Yuting and Lin, Mu and Torresani, Lorenzo and others},
  booktitle={Proceeding of the 11th annual international conference on Mobile systems, applications, and services},
  pages={13--26},
  year={2013},
  organization={ACM}
}
@inproceedings{lu2009soundsense,
  title={SoundSense: scalable sound sensing for people-centric applications on mobile phones},
  author={Lu, Hong and Pan, Wei and Lane, Nicholas D and Choudhury, Tanzeem and Campbell, Andrew T},
  booktitle={Proceedings of the 7th international conference on Mobile systems, applications, and services},
  pages={165--178},
  year={2009},
  organization={ACM}
}

@inproceedings{lu2012stresssense,
  title={Stresssense: Detecting stress in unconstrained acoustic environments using smartphones},
  author={Lu, Hong and Frauendorfer, Denise and Rabbi, Mashfiqui and Mast, Marianne Schmid and Chittaranjan, Gokul T and Campbell, Andrew T and Gatica-Perez, Daniel and Choudhury, Tanzeem},
  booktitle={Proceedings of the 2012 ACM Conference on Ubiquitous Computing},
  pages={351--360},
  year={2012},
  organization={ACM}
}

@inproceedings{tan2006autonomous,
  title={An autonomous robotic fish for mobile sensing},
  author={Tan, Xiaobo and Kim, Drew and Usher, Nathan and Laboy, Dan and Jackson, Joel and Kapetanovic, Azra and Rapai, Jason and Sabadus, Beniamin and Zhou, Xin},
  booktitle={Intelligent Robots and Systems, 2006 IEEE/RSJ International Conference on},
  pages={5424--5429},
  year={2006},
  organization={IEEE}
}

@inproceedings{lu2011speakersense,
  title={Speakersense: Energy efficient unobtrusive speaker identification on mobile phones},
  author={Lu, Hong and Brush, AJ Bernheim and Priyantha, Bodhi and Karlson, Amy K and Liu, Jie},
  booktitle={International Conference on Pervasive Computing},
  pages={188--205},
  year={2011},
  organization={Springer}
}

@inproceedings{miluzzo2008sensing,
  title={Sensing meets mobile social networks: the design, implementation and evaluation of the cenceme application},
  author={Miluzzo, Emiliano and Lane, Nicholas D and Fodor, Krist{\'o}f and Peterson, Ronald and Lu, Hong and Musolesi, Mirco and Eisenman, Shane B and Zheng, Xiao and Campbell, Andrew T},
  booktitle={Proceedings of the 6th ACM conference on Embedded network sensor systems},
  pages={337--350},
  year={2008},
  organization={ACM}
}

@inproceedings{gao2009healthaware,
  title={Healthaware: Tackling obesity with health aware smart phone systems},
  author={Gao, Chunming and Kong, Fanyu and Tan, Jindong},
  booktitle={Robotics and Biomimetics (ROBIO), 2009 IEEE International Conference on},
  pages={1549--1554},
  year={2009},
  organization={Ieee}
}

@inproceedings{dai2010perfalld,
  title={PerFallD: A pervasive fall detection system using mobile phones},
  author={Dai, Jiangpeng and Bai, Xiaole and Yang, Zhimin and Shen, Zhaohui and Xuan, Dong},
  booktitle={Pervasive Computing and Communications Workshops (PERCOM Workshops), 2010 8th IEEE International Conference on},
  pages={292--297},
  year={2010},
  organization={IEEE}
}

@inproceedings{rachuri2010emotionsense,
  title={EmotionSense: a mobile phones based adaptive platform for experimental social psychology research},
  author={Rachuri, Kiran K and Musolesi, Mirco and Mascolo, Cecilia and Rentfrow, Peter J and Longworth, Chris and Aucinas, Andrius},
  booktitle={Proceedings of the 12th ACM international conference on Ubiquitous computing},
  pages={281--290},
  year={2010},
  organization={ACM}
}

@article{beach2008whozthat,
  title={Whozthat? evolving an ecosystem for context-aware mobile social networks},
  author={Beach, Aaron and Gartrell, Mike and Akkala, Sirisha and Elston, Jack and Kelley, John and Nishimoto, Keisuke and Ray, Baishakhi and Razgulin, Sergei and Sundaresan, Karthik and Surendar, Bonnie and others},
  journal={IEEE network},
  volume={22},
  number={4},
  year={2008},
  publisher={IEEE}
}

@inproceedings{mohan2008nericell,
  title={Nericell: rich monitoring of road and traffic conditions using mobile smartphones},
  author={Mohan, Prashanth and Padmanabhan, Venkata N and Ramjee, Ramachandran},
  booktitle={Proceedings of the 6th ACM conference on Embedded network sensor systems},
  pages={323--336},
  year={2008},
  organization={ACM}
}

@inproceedings{miluzzo2010darwin,
  title={Darwin phones: the evolution of sensing and inference on mobile phones},
  author={Miluzzo, Emiliano and Cornelius, Cory T and Ramaswamy, Ashwin and Choudhury, Tanzeem and Liu, Zhigang and Campbell, Andrew T},
  booktitle={Proceedings of the 8th international conference on Mobile systems, applications, and services},
  pages={5--20},
  year={2010},
  organization={ACM}
}

@inproceedings{lane2015can,
  title={Can deep learning revolutionize mobile sensing?},
  author={Lane, Nicholas D and Georgiev, Petko},
  booktitle={Proceedings of the 16th International Workshop on Mobile Computing Systems and Applications},
  pages={117--122},
  year={2015},
  organization={ACM}
}

@inproceedings{lu2010jigsaw,
  title={The Jigsaw continuous sensing engine for mobile phone applications},
  author={Lu, Hong and Yang, Jun and Liu, Zhigang and Lane, Nicholas D and Choudhury, Tanzeem and Campbell, Andrew T},
  booktitle={Proceedings of the 8th ACM conference on embedded networked sensor systems},
  pages={71--84},
  year={2010},
  organization={ACM}
}

@article{reddy2010using,
  title={Using mobile phones to determine transportation modes},
  author={Reddy, Sasank and Mun, Min and Burke, Jeff and Estrin, Deborah and Hansen, Mark and Srivastava, Mani},
  journal={ACM Transactions on Sensor Networks (TOSN)},
  volume={6},
  number={2},
  pages={13},
  year={2010},
  publisher={ACM}
}

@online{runtastic,
  author = {Runtastic},
  title = {{Runtastic}},
  year = 2017,
  url = {https://www.runtastic.com/},
  urldate = {2017-03-20}
}

@inproceedings{kapadia2009opportunistic,
  title={Opportunistic sensing: Security challenges for the new paradigm},
  author={Kapadia, Apu and Kotz, David and Triandopoulos, Nikos},
  booktitle={Communication Systems and Networks and Workshops, 2009. COMSNETS 2009. First International},
  pages={1--10},
  year={2009},
  organization={IEEE}
}

@inproceedings{liu2012cloud,
  title={Cloud-enabled privacy-preserving collaborative learning for mobile sensing},
  author={Liu, Bin and Jiang, Yurong and Sha, Fei and Govindan, Ramesh},
  booktitle={Proceedings of the 10th ACM Conference on Embedded Network Sensor Systems},
  pages={57--70},
  year={2012},
  organization={ACM}
}

@article{wooldridge1995intelligent,
  title={Intelligent agents: Theory and practice},
  author={Wooldridge, Michael and Jennings, Nicholas R},
  journal={The knowledge engineering review},
  volume={10},
  number={02},
  pages={115--152},
  year={1995},
  publisher={Cambridge Univ Press}
}

@article{russell1995modern,
  title={A modern approach},
  author={Russell, Stuart and Norvig, Peter and Intelligence, Artificial},
  journal={Artificial Intelligence. Prentice-Hall, Egnlewood Cliffs},
  volume={25},
  pages={27},
  year={1995},
  publisher={Citeseer}
}

@book{wooldridge2009introduction,
  title={An introduction to multiagent systems},
  author={Wooldridge, Michael},
  year={2009},
  publisher={John Wiley \& Sons}
}

@article{nwana1996software,
  title={Software agents: An overview},
  author={Nwana, Hyacinth S},
  journal={The knowledge engineering review},
  volume={11},
  number={03},
  pages={205--244},
  year={1996},
  publisher={Cambridge Univ Press}
}

@book{Brenner:1998:ISA:551569,
 author = {Brenner, Walter and Wittig, H. and Zarnekow, Rudiger},
 title = {Intelligent Software Agents: Foundations and Applications},
 year = {1998},
 isbn = {3540634118},
 edition = {1st},
 publisher = {Springer-Verlag New York, Inc.},
 address = {Secaucus, NJ, USA},
} 

@article{karhick2015ai,
 title={Multi Agents for Context Awareness in Ambient
Intelligence: A Survey},
 author={A. B. Karthick Anand Babu, R. Sivakumar},
 journal={International Journal of Engineering Research \& Technology},
 volume={4},
 issue={07},
 pages={983--991},
 year={2015},
 publisher={IJERT}
 }
 
@inproceedings{myrhaug2004ambiesense,
  title={AmbieSense--a system and reference architecture for personalised context-sensitive information services for mobile users},
  author={Myrhaug, Hans and Whitehead, Nik and Goker, Ayse and Faegri, Tor Erlend and Lech, Till Christopher},
  booktitle={European Symposium on Ambient Intelligence},
  pages={327--338},
  year={2004},
  organization={Springer}
}

@inproceedings{cabri2005laica,
  title={The LAICA project: Supporting ambient intelligence via agents and ad-hoc middleware},
  author={Cabri, Giacomo and Ferrari, Luca and Leonardi, Letizia and Zambonelli, Franco},
  booktitle={Enabling Technologies: Infrastructure for Collaborative Enterprise, 2005. 14th IEEE International Workshops on},
  pages={39--44},
  year={2005},
  organization={IEEE}
}

@article{baek2007sensor,
  title={Sensor information management mechanism for context-aware service in ubiquitous home},
  author={Baek, Seung-Ho and Choi, Eun-Chang and Huh, Jae-Doo and Park, Kwang-Roh},
  journal={IEEE Transactions on Consumer Electronics},
  volume={53},
  number={4},
  year={2007},
  publisher={IEEE}
}

@phdthesis{gokul2011location,
  title={Location Dependent Query Processing},
  author={Gokul, S},
  year={2011},
  school={COCHIN UNIVERSITY OF SCIENCE AND TECHNOLOGY}
}